@article{curry_2004,
  title     = {Message-Oriented Middleware},
  doi       = {10.1002/0470862084},
  journal   = {Middleware for communications},
  author    = {Curry, Edward},
  year      = {2004},
  month     = {6},
  pages     = {1-28},
  publisher = {Wiley Online Library}
} 

@book{farley_1998,
  title     = {Java distributed computing},
  url       = {https://docstore.mik.ua/orelly/java-ent/dist/},
  journal   = {The Java Enterprise CD Bookshelf},
  publisher = {O'Reilly},
  author    = {Farley, Jim},
  year      = {1998}
} 

 @book{steen_tanenbaum_2017,
  title     = {Distributed Systems},
  url       = {https://www.distributed-systems.net/index.php/books/ds3/},
  journal   = {DISTRIBUTED-SYSTEMS.NET},
  publisher = {Published by Maarten van Steen},
  author    = {Steen, Maarten van and Tanenbaum, Andrew S.},
  year      = {2017},
  edition   = {3}
} 

@article{neuman1994scale,
  title     = {Scale in Distributed Systems},
  author    = {Neuman, B},
  journal   = {Readings in Distributed Computing Systems},
  year      = {1994},
  publisher = {IEEE Computer Society Press}
}

@manual{java17NIO,
  title        = {Java Development Kit version 17 API specification},
  subtitle     = {java.nio},
  howpublished = {javadocs},
  organization = {Oracle},
  url          = {https://docs.oracle.com/en/java/javase/17/docs/api/java.base/java/nio/package-summary.html}
}